%% This BibTeX bibliography file was created using BibDesk.
%% http://bibdesk.sourceforge.net/


%% Created for Marvin Rausand at 2011-06-16 13:34:49 +0200 


%% Saved with string encoding Western (Windows Latin 1) 

%% HOW TO LIST MANY AUTHORS: Zenios, Stavros %and RÃ¸nold, Anders and Hausken, Fredrik

%% BOOKS

@book{zenios,
	Address = {Hoboken, NJ},
	Author = {Zenios, Stavros},
	Publisher = {Blackwell Publishing},
	Title = {Practical Financial Optimization},
	Year = {2007}}
	
%% ARTICLES

@article{famafrench,
	Author = {French, xx and Fama, xxx},
	Date-Added = {2011-06-16 13:34:45 +0200},
	Date-Modified = {2011-06-16 13:34:45 +0200},
	Journal = {Reliability Engineering and System Safety},
	Pages = {1208--1217},
	Title = {Spurious activation of safety instrumented systems in the oil and gas industry: Basic concepts and formulas},
	Volume = {93},
	Year = {1998}}
	